


@Article{Aickelin1005,
  author = 	 {U. Aickelin and J. Li},
  title = 	 {An Estimation of Distribution Algorithm for Nurse Scheduling},
  journal = 	 {Annals of OR},
  year = 	 {2005},
  OPTkey = 	 {},
  OPTvolume = 	 {},
  OPTnumber = 	 {},
  OPTpages = 	 {},
  OPTmonth = 	 {},
  OPTnote = 	 {},
  annote = 	 {in print}
}

@inProceedings{BCD99,
   author =    {J. Branke and M. Cutaia and H. Dold},
   title =     {Reducing Genetic Drift in Steady State Evolutionary Algorithms},
   booktitle = {Genetic and Evolutionary Computation Conference},
   publisher = {Morgan Kaufmann},
   editor = {Wolfgang Banzhaf and others},
   year =      1999,
   pages = {68-74},
}


@inproceedings{Bak87,
   author = {J. E. Baker},
   booktitle = {International Conference on Genetic Algorithms},
   editor = {J. Grefenstette},
   pages = {14-21},
   publisher = {Lawrence Erlbaum Associates},
   title = {Reducing Bias and Inefficiency in the Selection Algorithm},
   year = {1987}
}

@TechReport{Baluja1994,
  author = 	 {S. Baluja},
  title = 	 {Population-Based Incremental Learning: A Method for Integrating Genetic Search Based Function Optimization and Competive Learning},
  institution =  {Computer Science Department, Carnegie Mellon University},
  year = 	 {1994},
  OPTkey = 	 {},
  OPTtype = 	 {},
  number = 	 {CMU-CS-94-163},
  OPTaddress = 	 {},
  OPTmonth = 	 {},
  OPTnote = 	 {},
  OPTannote = 	 {}
}


@InCollection{Baluja1996,
  author = 	 {S. Baluja},
  title = 	 {Genetic algorithms and explicit search statistics},
  booktitle = 	 {Advances in Neural Information Processing Systems 9},
  OPTcrossref =  {},
  OPTkey = 	 {},
  pages = 	 {319--325},
  publisher = {MIT Press, Cambridge, MA.},
  year = 	 {1997},
  editor = 	 {M.C.Mozer and M.I. Jordan and T. Petsche},
  OPTvolume = 	 {},
  OPTnumber = 	 {},
  OPTseries = 	 {},
  OPTtype = 	 {},
  OPTchapter = 	 {},
  OPTaddress = 	 {},
  OPTedition = 	 {},
  OPTmonth = 	 {},
  OPTnote = 	 {},
  OPTannote = 	 {}
}


@InProceedings{Baluja1997,
  author = 	 {S. Baluja and S. Davies},
  title = 	 {Using optimal dependency-trees for combinatorial optimization: Learing the structure of the search space},
  OPTcrossref =  {},
  OPTkey = 	 {},
  booktitle = {International Conference on Machine Learning},
  pages = 	 {30--38},
  year = 	 {1997},
  editor = 	 {D. Fisher},
  OPTvolume = 	 {},
  OPTnumber = 	 {},
  OPTseries = 	 {},
  OPTaddress = 	 {},
  OPTmonth = 	 {},
  OPTorganization = {},
  OPTpublisher = {},
  OPTnote = 	 {},
  OPTannote = 	 {}
}

@Book{Boas83,
  author = 	 {Mary L. Boas},
  title = 	 {Mathematical Methods in the Physical Sciences, Second Edition},
  publisher = 	 {Wiley Publishing},
  year = 	 {1983}
}


@InProceedings{Correa2002,
  author =       {E. S. Correa and J. L. Shapiro},
  title =        {A Study of the effect of Detailed Balance on {PBIL} in $k$-SAT and the $p$-median problem},
  booktitle =    {Applications and Science in Soft Computing},
  OPTcrossref =  {},
  OPTkey =       {},
  pages =        {255--262},
  year =         {2004},
  editor =       {Ahmad Lotfi and Jonathan M. Garibaldi},
  OPTvolume =    {},
  OPTnumber =    {},
  series =       {Advances in Soft Computing},
  OPTaddress =   {},
  OPTmonth =     {},
  OPTorganization = {},
  publisher = {Springer},
  note =         {ISBN: 3-540-40856-8},
  OPTannote =    {}
}





@InProceedings{Droste2005,
  author = 	 {Stefan Droste},
  title = 	 {Not All Linear Functions are Equally Difficult for the Compact Genetic Algorithm},
  OPTcrossref =  {},
  OPTkey = 	 {},
  booktitle = {GECCO'05},
  pages = 	 {679--686},
  year = 	 {2005},
  OPTeditor = 	 {},
  OPTvolume = 	 {},
  OPTnumber = 	 {},
  OPTseries = 	 {},
  OPTaddress = 	 {},
  OPTmonth = 	 {},
  OPTorganization = {},
  publisher = {ACM},
  OPTnote = 	 {},
  OPTannote = 	 {}
}



@Unpublished{Gallagher,
  author = 	 {Marcus Gallagher and Marcus Frean},
  title = 	 {Population-Based Continuous
Optimization and Probabilistic Modelling},
  note = 	 {Technical Report No.
MG-1-2001, School of Information Technology and Electrical Engineering,
University of Queensland},
    year = 	 {2001}
}

@InProceedings{Gonzalez2001,
  author = 	 {C. Gonzalez and J. Lozano and P. Larra{\~{n}}aga},
  title = 	 {The convergence behaviour of the {PBIL} algorithm: a preliminary approach},
  booktitle = 	 {Proceedings of Fifth International Conference on Neural Networks and Genetic Algorithms},
  OPTcrossref =  {},
  OPTkey = 	 {},
  pages = 	 {228--231},
  year = 	 {2001},
  OPTeditor = 	 {},
  OPTvolume = 	 {},
  OPTnumber = 	 {},
  OPTseries = 	 {},
  OPTaddress = 	 {},
  OPTmonth = 	 {},
  OPTorganization = {},
  OPTpublisher = {},
  OPTnote = 	 {},
  OPTannote = 	 {}
}

@Article{Gonzalez2002,
  author = 	 {C. Gonzalez and J. Lozano and P. Larra{\~{n}}aga},
  title = 	 {Analyzing the Population Based Incremental Learning Algorithm by Means of Discrete Dynamical Systems},
  journal =      {Complex Systems},
  OPTkey = 	 {},
  volume =       {12},
  number =       {4}, 
  OPTmonth = 	 {},
  pages    =   {465--479},
  year     =    {2001}
}


@Article{Gonzalez2002a,
  author = 	 {C. Gonzalez and J. Lozano and P. Larra{\~{n}}aga},
  title = 	 {Mathematical modelling of UMCAc algorithm with tournament selection: Behaviour on Linear and Quadratic Functions},
  journal = 	 {International Journal of Approximate Reasoning},
  year = 	 {2002},
  OPTkey = 	 {},
  volume = 	 {31},
  number = 	 {3},
  pages = 	 {313--340},
  OPTmonth = 	 {},
  OPTnote = 	 {},
  OPTannote = 	 {}
}


@InProceedings{Hohfeld1997,
  author = 	 {M. H\"ohfeld and G. Rudolph},
  title = 	 {Towards a theory of population-based incremental learning},
  booktitle = 	 {Proceedings of the Fourth IEEE Conference on Evolutionary Computation},
  OPTcrossref =  {},
  OPTkey = 	 {},
  pages = 	 {1--5},
  year = 	 {1997},
  OPTeditor = 	 {},
  volume = 	 {1},
  OPTnumber = 	 {},
  OPTseries = 	 {},
  OPTaddress = 	 {},
  OPTmonth = 	 {},
  OPTorganization = {},
  OPTpublisher = {},
  OPTnote = 	 {},
  OPTannote = 	 {}
}



@InProceedings{Johnson2001,
  author = 	 {A. Johnson and J. L. Shapiro},
  title = 	 {The importance of selection mechanisms in distribution estimation algorithms},
  booktitle = 	 {International Conference on Artificial Evolution},
  OPTcrossref =  {},
  OPTkey = 	 {},
  OPTpages = 	 {},
  year = 	 {2001},
  OPTeditor = 	 {},
  OPTvolume = 	 {},
  OPTnumber = 	 {},
  OPTseries = 	 {},
  OPTaddress = 	 {},
  OPTmonth = 	 {},
  OPTorganization = {},
  OPTpublisher = {},
  note = 	 {Available at \url{http://www.cs.man.ac.uk/~jls/papers/eapaper.ps.gz}},
  OPTannote = 	 {}
}

@Book{Larranaga2001,
  author = 	 {P. Larra{\~{n}}aga and J. A. Lozano},
  ALTeditor = 	 {},
  title = 	 {Estimation of Distribution Algorithms, A New Tool for Evolutionary Computation},
  publisher = 	 {Kluwer Academic Publishers},
  year = 	 {2002},
  OPTkey = 	 {},
  OPTvolume = 	 {},
  OPTnumber = 	 {},
  OPTseries = 	 {},
  OPTaddress = 	 {},
  OPTedition = 	 {},
  OPTmonth = 	 {},
  OPTnote = 	 {},
  OPTannote = 	 {}
}


@Book{MacKay2003,
  author = 	 {David MacKay},
  ALTeditor = 	 {},
  title = 	 {Information Theory, Inference and Learning Algorithms},
  publisher = 	 {Cambridge University Press},
  year = 	 {2003},
  OPTkey = 	 {},
  OPTvolume = 	 {},
  OPTnumber = 	 {},
  OPTseries = 	 {},
  OPTaddress = 	 {},
  OPTedition = 	 {},
  OPTmonth = 	 {},
  note = 	 {Chapter 19},
  OPTannote = 	 {}
}


@InProceedings{Mahnig2001,
  author = 	 {T. Mahnig and H. M\"uhlenbein},
  title = 	 {Optimal Mutation Rate Using Bayesian Priors for Estimation of Distribution Algorithms},
  OPTcrossref =  {},
  OPTkey = 	 {},
  booktitle = {Stochastic Algorithms: Foundations and Applications},
  OPTpages = 	 {33-48},
 year = 	 {2001},
  OPTeditor = 	 {},
  volume = 	 {2264},
  OPTnumber = 	 {},
  series = 	 {LNCS},
  OPTaddress = 	 {},
  OPTmonth = 	 {},
  OPTorganization = {},
  OPTpublisher = {Springer},
  OPTnote = 	 {},
  OPTannote = 	 {}
}

@Article{Muhlenbein1998,
  author = 	 {H. M\"uhlenbein},
  title = 	 {The equation for response to selection and its use for prediction},
  journal = 	 {Evolutionary Computation},
  year = 	 {1998},
  OPTkey = 	 {},
  volume = 	 {5},
  number = 	 {3},
  pages = 	 {303--346},
  OPTmonth = 	 {},
  OPTnote = 	 {},
  OPTannote = 	 {}
}

@InProceedings{Muhlenbein1999,
  author = 	 {H. M\"uhlenbein and G. Paa\ss},
  title = 	 {From Recombination of genes to the estimation of distributions I: Binary Parameters},
  OPTcrossref =  {},
  OPTkey = 	 {},
  booktitle = {Parallel Problem Solving from Nature},
  pages = 	 {178--187},
  year = 	 {1999},
  OPTeditor = 	 {},
  OPTvolume = 	 {},
  OPTnumber = 	 {},
  OPTseries = 	 {},
  OPTaddress = 	 {},
  OPTmonth = 	 {},
  OPTorganization = {},
  OPTpublisher = {},
  OPTnote = 	 {},
  OPTannote = 	 {}
}


@InCollection{Muhlenbein2001,
  author = 	 {H. M\"uhlenbein and T. Mahnig},
  title = 	 {Evolutionary Computation and Beyond},
  booktitle = 	 {Foundations of Real-World Intelligence},
  OPTcrossref =  {},
  OPTkey = 	 {},
  pages = 	 {123--186},
  publisher = {CLSI Publications},
  year = 	 {2001},
  editor = 	 {Y. Uesaka and P. Kanerva and H. Asoh},
  OPTvolume = 	 {},
  OPTnumber = 	 {},
  OPTseries = 	 {},
  OPTtype = 	 {},
  chapter = 	 {III},
  OPTaddress = 	 {},
  OPTedition = 	 {},
  OPTmonth = 	 {},
  OPTnote = 	 {},
  OPTannote = 	 {}
}

@TechReport{Neal1993,
  author = 	 {R. M. Neal},
  title = 	 {Probabilistic Inference Using {M}arkov Chain {M}onte {C}arlo Methods},
  institution =  {Dept. of Computer Science, University of Toronto},
  year = 	 {1993},
  OPTkey = 	 {},
  OPTtype = 	 {},
  number = 	 {Technical Report CRG-TR-93-1},
  OPTaddress = 	 {},
  OPTmonth = 	 {},
  note = 	 {\url{http://www.cs.toronto.edu/~radford/review.abstract.html}},
  OPTannote = 	 {}
}


@TechReport{Pelikan1999,
  author = 	 {M. Pelikan and D. E. Goldberg and F. Lobo},
  title = 	 {A Survey of Optimization by Building and Using Probabilistic Models},
  institution =  {University of Illinois at Urbana-Champaign, Illinois Genetic Algorithms Laboratory},
  year = 	 {1999},
  OPTkey = 	 {},
  OPTtype = 	 {},
  OPTnumber = 	 {IlliGAL 99018},
  OPTaddress = 	 {},
  OPTmonth = 	 {},
  OPTnote = 	 {},
  OPTannote = 	 {}
}


@InProceedings{Pelikan2000,
  author = 	 {M. Pelikan and D. E. Goldberg and E. Cant\'u-Paz},
  title = 	 {Bayesian optimization algorithm, population sizing, and time to converge},
  OPTcrossref =  {},
  OPTkey = 	 {},
  booktitle = {Proceedings of GECCO 2000},
  pages = 	 {275--282},
  year = 	 {2000},
  OPTeditor = 	 {},
  OPTvolume = 	 {},
  OPTnumber = 	 {},
  OPTseries = 	 {},
  OPTaddress = 	 {},
  OPTmonth = 	 {},
  OPTorganization = {},
  OPTpublisher = {},
  OPTnote = 	 {},
  OPTannote = 	 {}
}


@Article{Pelikan:02,
  author =       {M. Pelikan and D. E. Goldberg and F. Lobo},
  title =        {A survey of optimization by building and using probabilistic models},
  journal =      {Computational Optimization and Applications},
  publisher =    {Kluwer},
  year =         {2002},
  pages =        {5--20},
  volume =       {21},
  number =       {1},
}


@PhdThesis{Pelikan:thesis,
  author =       "Martin Pelikan",
  title =        "Bayesian optimization algorithm: {F}rom single level to hierarchy",
  school =       "University of Illinois at Urbana-Champaign",
  department =   "Computer Science",
  address =      "Urbana, IL",
  year =         "2002",
  note =         "Also {IlliGAL Report No.} 2002023",
}



@Book{RandomizedAlgorithms,
  author = 	 {Rajeev Motwani and Prabhakar Raghavan},
  title = 	 {Randomized Algorithms},
  publisher = 	 {Cambridge University Press},
  year = 	 {1995},
  OPTkey = 	 {},
  OPTvolume = 	 {},
  OPTnumber = 	 {},
  OPTseries = 	 {},
  OPTaddress = 	 {},
  OPTedition = 	 {},
  OPTmonth = 	 {},
  OPTnote = 	 {},
  OPTannote = 	 {}
}


@InProceedings{Shapiro2006,
  author = 	 {J. L. Shapiro},
  title = 	 {Diversity loss in general estimation of distribution algorithms},
  booktitle = 	 {Parallel Problem Solving from Nature},
  pages =	 {92--101},
  year =	 2006,
  volume =	 4193,
  series =	 {LNCS},
  publisher =	 {Springer}
}

@InCollection{Shapiro2003a,
  author = 	 {J. L. Shapiro},
  title = 	 {The Sensitivity of PBIL to Its Learning Rate and How Detailed Balance Can Remove It},
  booktitle = 	 {Foundations of Genetic Algorithms 7},
  pages = 	 {115--132},
  publisher = {Morgan Kaufmann},
  year = 	 {2003},
  editor = 	 {K. A. De Jong and others}
}

@InProceedings{Shapiro2003b,
  author = 	 {J. L. Shapiro},
  title = 	 {Scaling of Probability-Based Optimization Algorithms},
  booktitle = 	 {Advances in Neural Information Processing Systems 15},
  year = 	 {2003},
  editor = 	 {Klaus Obermayer},
  pages = {399--406},
  publisher = {MIT Press}
}

@Article{Shapiro2005,
  author = 	 {J. L. Shapiro},
  title = 	 {The Detailed Balance Principle in Estimation of Distribution Algorhithm},
  journal = 	 {Evolutionary Computation},
  year = 	 {2005},
  volume =       {13},
  number =       {1},
  pages = {99--124}
 }

@Book{Tanner,
  author = 	 {Martin A. Tanner},
  title = 	 {Tools for Statistical Inference},
  publisher = 	 {Springer, New York},
  year = 	 {1996},
  OPTkey = 	 {},
  OPTvolume = 	 {},
  OPTnumber = 	 {},
  series = 	 {Springer Series in Statistics},
  OPTaddress = 	 {},
  edition = 	 {Third},
  OPTmonth = 	 {},
  OPTnote = 	 {Proceedings of PPSN IX, T.P. Runarsson et. al. (Eds)},
  OPTannote = 	 {}
}


@inproceedings{Wu2006,
 author = {Hao Wu and Jonathan L. Shapiro},
 title = {Does overfitting affect performance in estimation of distribution algorithms},
 booktitle = {Genetic and Evolutionary Computation},
 year = {2006},
 isbn = {1-59593-186-4},
 pages = {433--434},
 location = {Seattle, Washington, USA},
 doi = {http://doi.acm.org/10.1145/1143997.1144078},
 publisher = {ACM},
 }

@InCollection{apb2003a,
  author = 	 {Adam Pr\"ugel-Bennett},
  title = 	 {Modelling Finite Populations},
  booktitle = 	 {Foundations of Genetic Algorithms 7},
  pages = 	 {99--114},
  publisher = {Morgan Kaufmann},
  year = 	 {2003},
  editor = 	 {K. A. De Jong and R. Poli and J. E. Rowe}
}

@techreport{ blickle95comparison,
    author = "Tobias Blickle and Lothar Thiele",
    title = "A Comparison of Selection Schemes Used in Genetic Algorithms",
    number = "11",
    address = "Gloriastrasse 35, 8092 Zurich, Switzerland",
    year = "1995",

}

@Article{harik:1999:grpgasp,
  author = {George Harik and Erick Cant{\'{u}}-Paz and David E. Goldberg and Brad L. Miller},
  title = {The Gambler's Ruin Problem, Genetic Algorithms, and the Sizing of Populations},
  journal = {Evolutionary {C}omputation},
  year = {1999},
  volume = {7},
  number = {3},
  pages = {231--253}
}

@Article{limpert2001,
  author = 	 {Eckhard Limpert and Werner A. Stahel and Markus Abbt},
  title = 	 {Log-normal Distributions across the Sciences: Keys and Clues},
  journal = 	 {BioScience},
  year = 	 {2001},
  OPTkey = 	 {},
  volume = 	 {51},
  number = 	 {5},
  pages = 	 {341--352},
  OPTmonth = 	 {},
  OPTnote = 	 {},
  OPTannote = 	 {}
}

@Article{us95,
  author = 	 {Jonathan L. Shapiro and Adam Pr\"ugel-Bennett},
  title = 	 {Maximum Entropy Analysis of Genetic Algorithm Operators},
  journal = 	 {Lecture Notes in Computer Science},
  year = 	 {1995},
  OPTkey = 	 {},
  volume = 	 {993},
  OPTnumber = 	 {},
  pages = 	 {14--24},
  OPTmonth = 	 {},
  OPTnote = 	 {},
  OPTannote = 	 {}
}


@Article{us97,
  author = 	 {A. Pr\"ugel-Bennett and J. L. Shapiro},
  title = 	 {The dynamics of a genetic algorithm for simple {I}sing systems},
  journal = 	 {Physica D},
  year = 	 {1997},
  OPTkey = 	 {},
  volume = 	 {104},
  OPTnumber = 	 {},
  pages = 	 {75--114},
  OPTmonth = 	 {},
  OPTnote = 	 {},
  OPTannote = 	 {}
}
